@book{ITEM-1,
  url    = {https://arxiv.org/abs/1702.01006},
  doi    = {10.1101/088278},
  pubmed = {19204236},
  pmcid  = {PMC2653214},
}
