@book{ITEM-1,
  title     = {cihla},
}

@article{ITEM-2,
  title     = {chochol},
}

@Book{ITEM-3,
  title     = {hudba},
}

@Book{ITEM-4,
  title     = {jasan},
}

@Book{ITEM-5,
  title     = {čáp},
}
