Test cases for citeproc-bibtex-parser


BibTeXing, btxdoc.pdf

2 Changes

2.1 New BibTeX features

@INPROCEEDINGS(no-gnats,
  crossref = "gg-proceedings",
  author = "Rocky Gneisser",
  title = "No Gnats Are Taken for Granite",
  pages = "133-139")

@PROCEEDINGS(gg-proceedings,
  editor = "Gerald Ford and Jimmy Carter",
  title = "The Gnats and Gnus 1988 Proceedings",
  booktitle = "The Gnats and Gnus 1988 Proceedings")

4 Helpful Hints

17.

@book{btxdoc.4.17:1,
  author = {\AA{ke} {Jos{\'{e}}} {\'{E}douard} G{\"o}del},
}

@book{btxdoc.4.17:2,
  title = "The {\TeX BOOK\NOOP} Experience",
}


18.

@book{btxdoc.4.18:1,
  author = "Brinch Hansen, Per",
}

@book{btxdoc.4.18:2,
  author = "Per Brinch Hansen",
}

@book{btxdoc.4.18:3,
  author = "Charles Louis Xavier Joseph de la Vall{\'e}e Poussin",
}
