https://github.com/zepinglee/citeproc-lua/issues/22


@incollection{haltest,
  TITLE={{A tale of two funerary traditons: the predynastic cemetery at Kom el-Khilgan (eastern delta)}},
  AUTHOR={Buchez, N. and Midant-Reynes, B.},
  URL={https://hal.archives-ouvertes.fr/hal-03186401},
  BOOKTITLE={{Egypt and its Origins 3. Proceedings of the Third International Conference ''Origin of the State. Predynastic and Early Dynastic Egypt'', London, 27th July-1st August 2008}},
  EDITOR={Ren{\'e}e F. Friedman and Peter N. Fiske},
  PUBLISHER={{Peeters}},
  SERIES={Orientalia Lovaniensia Analecta},
  VOLUME={205},
  PAGES={831--858},
  YEAR={2011},
  HAL_ID={hal-03186401},
  HAL_VERSION={v1},
}
