https://github.com/zepinglee/citeproc-lua/issues/24


@article{Albers2003,
  title = {{Integration der Simulation in die Produktentwicklung - Neue M\"oglichkeiten zur Steigerung der Qualit\"at und Effizienz in der Produktentwicklung}},
  author = {Albers, Albert and Nowicki, Lukas},
  year = {2003},
  journal = {A journal},
  pages = {8},
  langid = {ngerman}
}

@article{Arakelian2018,
  title = {Design of a {{Single Actuator Walking Robot}} via {{Mechanism Synthesis Based}} on {{Genetic Algorithms}}},
  author = {Arakelian, Vigen},
  year = {2018},
  month = aug,
  journal = {Journal of Robotics and Mechanical Engineering Research},
  volume = {2},
  number = {3},
  pages = {1--7},
  issn = {20594909},
  doi = {10.24218/jrmer.2018.27}
}


@phdthesis{Berry2020,
  title = {{Sensory acquisition for emergent body representation neuro-robotic systems}},
  author = {Berry, Jasmine Ana{\'i}{\'i}s},
  year = {2020},
  langid = {Englisch},
  school = {University of Southern California}
}

@book{Brillowski2004,
  title = {Einf\"uhrung in die {{Robotik}}: {{Auslegung}} und {{Steuerung}} serieller {{Roboter}}},
  author = {Brillowski, Klaus},
  year = {2004},
  series = {Berichte Aus Der {{Robotik}}},
  publisher = {{Shaker}},
  address = {{Aachen}},
  isbn = {3-8322-3416-0}
}

@phdthesis{Bruls2005,
  title = {Integrated {{Simulation}} and {{Reduced-Order Modeling}} of {{Controlled Flexible Multibody Systems}}},
  author = {Br{\"u}ls, Olivier},
  year = {2005},
  address = {Liege},
  langid = {english},
  school = {Universite de Liege}
}
